@article{avellaneda,

    author  = "Avellaneda, M. and Levy, A. and Paras, A.",

    title   = " Pricing and hedging derivative securities in markets with uncertain volatilities",

    year    = "1995",

    journal = "Applied Mathematical Finance",

    volume  = "2",

    number	=	"2",

    pages   = "73-88"

}

@book{bjoerk,

		author	=	"Björk, T.",

		title	=	"Arbitrage Theory in Continuous Time",

		year		=	"2009",

		publisher = "Oxford University Press Inc.",

		adress	=	"New York"}

 @incollection { jeulin,

    author =    "Jeulin, T. and Yor, M.",

    title =	"In\'{e}galit\'{e} de Hardy, semimartingales, et faux-amis",

    booktitle = "S\'{e}minaire de Probabilit\'{e}s XIII (Lecture Notes in Mathematics)",

    volume    =  "721",

    publisher =	"Springer",

		adress	=	"Berlin",

		pages	=	"332-359",

    editor =    "Dellacherie, C. and Meyer, P.A. and Weil, M. ",

    year	=	"1979"

   }

		

@book{sandmann,

		author	=	"Sandmann, K.",
		title		=	" Einführung in die Stochastik der Finanzmärkte",
		year		=	"2010",
		publisher	=	"Springer",
		address	=	"Berlin",
		}
@misc {fs,
    author = {{Frankfurt School of Finance \& Management}},
    title = {FS Building picture},
    year = {2017},
    note = {[Online; Abgerufen am 21.09.2020]},
    url = {https://www.frankfurt-school.de/.imaging/mte/fs-theme/share-image/dam/social-share/Social-Share-logo.jpg/jcr:content/Social-Share-logo.jpg}
}
